<?xml version="1.0" encoding="UTF-8"?>
<record>
  <leader>01695nam#a2200373#cb4500</leader>
  <controlfield tag="005">20210624133300.0</controlfield>
  <controlfield tag="007">hu#|||000||||</controlfield>
  <controlfield tag="008">051110|1596####xx############|||#|#lat#c</controlfield>
  <controlfield tag="003">DE-605</controlfield>
  <controlfield tag="001">990141342350206441</controlfield>
  <datafield tag="016" ind1="7" ind2=" ">
    <subfield code="a">1069149647</subfield>
    <subfield code="2">OCoLC</subfield>
  </datafield>
  <datafield tag="035" ind1=" " ind2=" ">
    <subfield code="a">(DE-605)TT001230001</subfield>
  </datafield>
  <datafield tag="040" ind1=" " ind2=" ">
    <subfield code="a">107</subfield>
    <subfield code="b">ger</subfield>
    <subfield code="c">BSZ</subfield>
    <subfield code="e">rakwb</subfield>
    <subfield code="d">DE-605</subfield>
  </datafield>
  <datafield tag="041" ind1=" " ind2=" ">
    <subfield code="a">lat</subfield>
  </datafield>
  <datafield tag="100" ind1="0" ind2=" ">
    <subfield code="a">Friedrich</subfield>
    <subfield code="b">II.</subfield>
    <subfield code="c">Heiliges Römisches Reich, Kaiser</subfield>
    <subfield code="d">1194-1250</subfield>
    <subfield code="0">(DE-588)118535765</subfield>
    <subfield code="4">aut</subfield>
    <subfield code="0">https://portal.dnb.de/opac.htm?method=simpleSearch&amp;cqlMode=true&amp;query=idn=118535765</subfield>
    <subfield code="0">http://viaf.org/viaf/sourceID/DNB|118535765</subfield>
    <subfield code="B">GND-118535765</subfield>
  </datafield>
  <datafield tag="240" ind1="1" ind2="0">
    <subfield code="a">De arte venandi cum avibus</subfield>
  </datafield>
  <datafield tag="245" ind1="1" ind2="0">
    <subfield code="a">Reliqva Librorvm Friderici II. Imperatoris, De arte venandi cum auibus</subfield>
    <subfield code="b">Cvm Manfredi Regis additionibus</subfield>
  </datafield>
  <datafield tag="246" ind1="3" ind2=" ">
    <subfield code="a">Reliqua librorum Friderici II. ... de arte venandi cum avibus</subfield>
  </datafield>
  <datafield tag="249" ind1=" " ind2=" ">
    <subfield code="a">Albertvs Magnvs De Falconibus, Asturibus, &amp; Accipitribus</subfield>
  </datafield>
  <datafield tag="250" ind1=" " ind2=" ">
    <subfield code="a">Ex membranis vetustis nunc primùm edita</subfield>
  </datafield>
  <datafield tag="264" ind1=" " ind2="1">
    <subfield code="a">Avgvstae Vindelicorvm</subfield>
    <subfield code="b">Praetorius</subfield>
    <subfield code="c">1596</subfield>
  </datafield>
  <datafield tag="300" ind1=" " ind2=" ">
    <subfield code="a">[8] Bl., 414, [1] S. : Ill.</subfield>
  </datafield>
  <datafield tag="490" ind1="1" ind2=" ">
    <subfield code="a">[Bibliotheca Palatina</subfield>
    <subfield code="v">F2001/F2003]</subfield>
  </datafield>
  <datafield tag="830" ind1=" " ind2="0">
    <subfield code="a">[Bibliotheca Palatina</subfield>
    <subfield code="w">(DE-605)TT001197763</subfield>
    <subfield code="v">F,2001,1</subfield>
    <subfield code="9">O:1</subfield>
  </datafield>
  <datafield tag="964" ind1="0" ind2="s">
    <subfield code="F">051</subfield>
    <subfield code="A">s|||||||</subfield>
  </datafield>
  <datafield tag="964" ind1="0" ind2="s">
    <subfield code="F">030</subfield>
    <subfield code="A">az1ucr|||||15</subfield>
  </datafield>
  <datafield tag="964" ind1="0" ind2="s">
    <subfield code="F">050</subfield>
    <subfield code="A">|||a||||||||||</subfield>
  </datafield>
  <datafield tag="035" ind1=" " ind2=" ">
    <subfield code="a">(OCoLC)1069149647</subfield>
  </datafield>
  <datafield tag="700" ind1="0" ind2=" ">
    <subfield code="a">Manfred</subfield>
    <subfield code="c">Sizilien, König</subfield>
    <subfield code="d">1232-1266</subfield>
    <subfield code="0">(DE-588)118577018</subfield>
    <subfield code="4">oth</subfield>
    <subfield code="0">https://portal.dnb.de/opac.htm?method=simpleSearch&amp;cqlMode=true&amp;query=idn=118577018</subfield>
    <subfield code="0">http://viaf.org/viaf/sourceID/DNB|118577018</subfield>
    <subfield code="B">GND-118577018</subfield>
  </datafield>
  <datafield tag="700" ind1="0" ind2=" ">
    <subfield code="a">Albertus</subfield>
    <subfield code="c">Magnus, Heiliger</subfield>
    <subfield code="d">1193-1280</subfield>
    <subfield code="0">(DE-588)118637649</subfield>
    <subfield code="4">aut</subfield>
    <subfield code="0">https://portal.dnb.de/opac.htm?method=simpleSearch&amp;cqlMode=true&amp;query=idn=118637649</subfield>
    <subfield code="0">http://viaf.org/viaf/sourceID/DNB|118637649</subfield>
  </datafield>
  <datafield tag="700" ind1="0" ind2=" ">
    <subfield code="a">Albertus</subfield>
    <subfield code="c">Magnus, Heiliger</subfield>
    <subfield code="d">1193-1280</subfield>
    <subfield code="9">O:800</subfield>
    <subfield code="0">(DE-588)118637649</subfield>
    <subfield code="4">aut</subfield>
    <subfield code="0">https://portal.dnb.de/opac.htm?method=simpleSearch&amp;cqlMode=true&amp;query=idn=118637649</subfield>
    <subfield code="0">http://viaf.org/viaf/sourceID/DNB|118637649</subfield>
  </datafield>
  <datafield tag="700" ind1="0" ind2="2">
    <subfield code="a">Albertus</subfield>
    <subfield code="c">Magnus, Heiliger</subfield>
    <subfield code="d">1193-1280</subfield>
    <subfield code="t">De falconibus, asturibus et accipitribus</subfield>
    <subfield code="9">O:805b</subfield>
  </datafield>
  <datafield tag="751" ind1=" " ind2=" ">
    <subfield code="a">Augsburg</subfield>
    <subfield code="4">pup</subfield>
  </datafield>
  <datafield tag="500" ind1=" " ind2=" ">
    <subfield code="a">Vorlageform des Erscheinungsvermerks: Avgvstae Vindelicorvm ... Apud Ioannem Praetorium, Anno M.D.XCVI ... - Mikrofiche. München : Saur, 1991. Mikrofiche-Nr. F2001-F2003 : 23x</subfield>
  </datafield>
  <datafield tag="500" ind1=" " ind2=" ">
    <subfield code="a">VD16-F2826</subfield>
  </datafield>
  <datafield tag="MBD" ind1=" " ind2=" ">
    <subfield code="M">49HBZ_NETWORK</subfield>
    <subfield code="i">990141342350206441</subfield>
    <subfield code="n">HBZ Network</subfield>
  </datafield>
  <datafield tag="MBD" ind1=" " ind2=" ">
    <subfield code="M">49HBZ_BRIDGE_LBZ</subfield>
    <subfield code="i">9985482407506</subfield>
    <subfield code="n">Rheinische Landesbibliothek Koblenz</subfield>
  </datafield>
  <datafield tag="MNG" ind1=" " ind2=" ">
    <subfield code="c">System</subfield>
    <subfield code="f">HBZ</subfield>
    <subfield code="i">marc21</subfield>
    <subfield code="h">20210624133300.0</subfield>
    <subfield code="k">01</subfield>
    <subfield code="e">false</subfield>
    <subfield code="d">2023-05-29 20:15:12 Europe/Berlin</subfield>
    <subfield code="g">014134235-HBZ01</subfield>
    <subfield code="j">60</subfield>
    <subfield code="a">import</subfield>
    <subfield code="b">2021-04-05 09:40:10 Europe/Berlin</subfield>
  </datafield>
  <datafield tag="H52" ind1="0" ind2=" ">
    <subfield code="b">R0003</subfield>
    <subfield code="c">00001000</subfield>
    <subfield code="h">MF 275/F2001/F2003</subfield>
    <subfield code="8">2279314460007506</subfield>
  </datafield>
  <datafield tag="HOL" ind1=" " ind2=" ">
    <subfield code="d">2023-06-04 13:10:23</subfield>
    <subfield code="8">2279314460007506</subfield>
    <subfield code="b">2023-06-04 13:10:23</subfield>
    <subfield code="M">49HBZ_BRIDGE_LBZ</subfield>
    <subfield code="g">false</subfield>
    <subfield code="a">System</subfield>
    <subfield code="c">System</subfield>
  </datafield>
  <datafield tag="ITM" ind1=" " ind2=" ">
    <subfield code="H">2279314460007506</subfield>
    <subfield code="x">00001000</subfield>
    <subfield code="f">BOOK</subfield>
    <subfield code="v">00001000</subfield>
    <subfield code="p">02</subfield>
    <subfield code="X">System</subfield>
    <subfield code="Y">2008-09-19 02:00:00 Europe/Berlin</subfield>
    <subfield code="n">MF 275/F2001/F2003</subfield>
    <subfield code="M">49HBZ_BRIDGE_LBZ</subfield>
    <subfield code="s">1</subfield>
    <subfield code="d">0</subfield>
    <subfield code="V">System</subfield>
    <subfield code="b">701025920107</subfield>
    <subfield code="a">2379314410007506</subfield>
    <subfield code="c">MF 275/F2001/F2003</subfield>
    <subfield code="W">2023-06-04 15:10:23 Europe/Berlin</subfield>
    <subfield code="u">R0003</subfield>
    <subfield code="w">R0003</subfield>
  </datafield>
  <datafield tag="GPN" ind1="0" ind2=" ">
    <subfield code="a">Federico</subfield>
    <subfield code="b">II.</subfield>
    <subfield code="c">Germania, Imperatore</subfield>
    <subfield code="d">1194-1250</subfield>
    <subfield code="A">GND</subfield>
    <subfield code="B">GND-118535765</subfield>
    <subfield code="C">400</subfield>
  </datafield>
  <datafield tag="GPN" ind1="0" ind2=" ">
    <subfield code="a">Federico</subfield>
    <subfield code="c">Sicilia, Re</subfield>
    <subfield code="d">1194-1250</subfield>
    <subfield code="A">GND</subfield>
    <subfield code="B">GND-118535765</subfield>
    <subfield code="C">400</subfield>
  </datafield>
  <datafield tag="GPN" ind1="0" ind2=" ">
    <subfield code="a">Frédéric</subfield>
    <subfield code="c">Sicile, Roi</subfield>
    <subfield code="d">1194-1250</subfield>
    <subfield code="A">GND</subfield>
    <subfield code="B">GND-118535765</subfield>
    <subfield code="C">400</subfield>
  </datafield>
  <datafield tag="GPN" ind1="0" ind2=" ">
    <subfield code="a">Frederick</subfield>
    <subfield code="b">II.</subfield>
    <subfield code="c">Germany, Emperor</subfield>
    <subfield code="d">1194-1250</subfield>
    <subfield code="A">GND</subfield>
    <subfield code="B">GND-118535765</subfield>
    <subfield code="C">400</subfield>
  </datafield>
  <datafield tag="GPN" ind1="0" ind2=" ">
    <subfield code="a">Fridericus</subfield>
    <subfield code="b">II.</subfield>
    <subfield code="c">Germania, Imperator</subfield>
    <subfield code="d">1194-1250</subfield>
    <subfield code="A">GND</subfield>
    <subfield code="B">GND-118535765</subfield>
    <subfield code="C">400</subfield>
  </datafield>
  <datafield tag="GPN" ind1="0" ind2=" ">
    <subfield code="a">Fridericus</subfield>
    <subfield code="c">Sicilia, Rex</subfield>
    <subfield code="d">1194-1250</subfield>
    <subfield code="A">GND</subfield>
    <subfield code="B">GND-118535765</subfield>
    <subfield code="C">400</subfield>
  </datafield>
  <datafield tag="GPN" ind1="0" ind2=" ">
    <subfield code="a">Friedrich</subfield>
    <subfield code="c">Sizilien, König</subfield>
    <subfield code="d">1194-1250</subfield>
    <subfield code="A">GND</subfield>
    <subfield code="B">GND-118535765</subfield>
    <subfield code="C">400</subfield>
  </datafield>
  <datafield tag="GPN" ind1="0" ind2=" ">
    <subfield code="a">Frédéric</subfield>
    <subfield code="b">II.</subfield>
    <subfield code="c">Allemagne, Empereur</subfield>
    <subfield code="d">1194-1250</subfield>
    <subfield code="A">GND</subfield>
    <subfield code="B">GND-118535765</subfield>
    <subfield code="C">400</subfield>
  </datafield>
  <datafield tag="GPN" ind1="0" ind2=" ">
    <subfield code="a">Federico</subfield>
    <subfield code="c">Sicilia, Rex</subfield>
    <subfield code="d">1194-1250</subfield>
    <subfield code="A">GND</subfield>
    <subfield code="B">GND-118535765</subfield>
    <subfield code="C">400</subfield>
  </datafield>
  <datafield tag="GPN" ind1="0" ind2=" ">
    <subfield code="a">Friedrich</subfield>
    <subfield code="b">II.</subfield>
    <subfield code="c">Deutschland, Kaiser</subfield>
    <subfield code="d">1194-1250</subfield>
    <subfield code="A">GND</subfield>
    <subfield code="B">GND-118535765</subfield>
    <subfield code="C">400</subfield>
  </datafield>
  <datafield tag="GPN" ind1="0" ind2=" ">
    <subfield code="a">Fredericus</subfield>
    <subfield code="b">II.</subfield>
    <subfield code="c">Germania, Imperator</subfield>
    <subfield code="d">1194-1250</subfield>
    <subfield code="A">GND</subfield>
    <subfield code="B">GND-118535765</subfield>
    <subfield code="C">400</subfield>
  </datafield>
  <datafield tag="GPN" ind1="0" ind2=" ">
    <subfield code="a">Federicus</subfield>
    <subfield code="b">II.</subfield>
    <subfield code="c">Germania, Imperator</subfield>
    <subfield code="d">1194-1250</subfield>
    <subfield code="A">GND</subfield>
    <subfield code="B">GND-118535765</subfield>
    <subfield code="C">400</subfield>
  </datafield>
  <datafield tag="GPN" ind1="0" ind2=" ">
    <subfield code="a">Fridericus</subfield>
    <subfield code="b">II.</subfield>
    <subfield code="c">Imperium Romanum-Germanicum, Imperator</subfield>
    <subfield code="d">1194-1250</subfield>
    <subfield code="A">GND</subfield>
    <subfield code="B">GND-118535765</subfield>
    <subfield code="C">400</subfield>
  </datafield>
  <datafield tag="GPN" ind1="0" ind2=" ">
    <subfield code="a">Fridericus</subfield>
    <subfield code="b">II.</subfield>
    <subfield code="c">Imperator</subfield>
    <subfield code="d">1194-1250</subfield>
    <subfield code="A">GND</subfield>
    <subfield code="B">GND-118535765</subfield>
    <subfield code="C">400</subfield>
  </datafield>
  <datafield tag="GPN" ind1="0" ind2=" ">
    <subfield code="a">Friderichus</subfield>
    <subfield code="b">II.</subfield>
    <subfield code="c">Imperator</subfield>
    <subfield code="d">1194-1250</subfield>
    <subfield code="A">GND</subfield>
    <subfield code="B">GND-118535765</subfield>
    <subfield code="C">400</subfield>
  </datafield>
  <datafield tag="GPN" ind1="0" ind2=" ">
    <subfield code="a">Friderichus secundus</subfield>
    <subfield code="c">Imperator</subfield>
    <subfield code="d">1194-1250</subfield>
    <subfield code="A">GND</subfield>
    <subfield code="B">GND-118535765</subfield>
    <subfield code="C">400</subfield>
  </datafield>
  <datafield tag="GPN" ind1="0" ind2=" ">
    <subfield code="a">Phreiderikos</subfield>
    <subfield code="b">II.</subfield>
    <subfield code="c">Heiliges Römisches Reich, Kaiser</subfield>
    <subfield code="d">1194-1250</subfield>
    <subfield code="A">GND</subfield>
    <subfield code="B">GND-118535765</subfield>
    <subfield code="C">400</subfield>
  </datafield>
  <datafield tag="GPN" ind1="0" ind2=" ">
    <subfield code="a">Friedrich II.</subfield>
    <subfield code="c">Kaiser</subfield>
    <subfield code="d">1194-1250</subfield>
    <subfield code="A">GND</subfield>
    <subfield code="B">GND-118535765</subfield>
    <subfield code="C">400</subfield>
  </datafield>
  <datafield tag="GPN" ind1="0" ind2=" ">
    <subfield code="a">Federico</subfield>
    <subfield code="c">II.</subfield>
    <subfield code="d">1194-1250</subfield>
    <subfield code="A">GND</subfield>
    <subfield code="B">GND-118535765</subfield>
    <subfield code="C">400</subfield>
  </datafield>
  <datafield tag="GPN" ind1="0" ind2=" ">
    <subfield code="a">Fridericus</subfield>
    <subfield code="c">II.</subfield>
    <subfield code="d">1194-1250</subfield>
    <subfield code="A">GND</subfield>
    <subfield code="B">GND-118535765</subfield>
    <subfield code="C">400</subfield>
  </datafield>
  <datafield tag="GPN" ind1="0" ind2=" ">
    <subfield code="a">Fridericus</subfield>
    <subfield code="c">Imperium Romano-Germanicum, Imperator, II.</subfield>
    <subfield code="d">1194-1250</subfield>
    <subfield code="A">GND</subfield>
    <subfield code="B">GND-118535765</subfield>
    <subfield code="C">400</subfield>
  </datafield>
  <datafield tag="GPN" ind1="0" ind2=" ">
    <subfield code="a">Fridericus</subfield>
    <subfield code="c">Romanorum, Imperator, II.</subfield>
    <subfield code="d">1194-1250</subfield>
    <subfield code="A">GND</subfield>
    <subfield code="B">GND-118535765</subfield>
    <subfield code="C">400</subfield>
  </datafield>
  <datafield tag="GPN" ind1="0" ind2=" ">
    <subfield code="a">Friederich</subfield>
    <subfield code="c">Deutschland, Kaiser, II.</subfield>
    <subfield code="d">1194-1250</subfield>
    <subfield code="A">GND</subfield>
    <subfield code="B">GND-118535765</subfield>
    <subfield code="C">400</subfield>
  </datafield>
  <datafield tag="GPN" ind1="0" ind2=" ">
    <subfield code="a">Friedrich</subfield>
    <subfield code="c">II.</subfield>
    <subfield code="d">1194-1250</subfield>
    <subfield code="A">GND</subfield>
    <subfield code="B">GND-118535765</subfield>
    <subfield code="C">400</subfield>
  </datafield>
  <datafield tag="GPN" ind1="0" ind2=" ">
    <subfield code="a">Friedrich</subfield>
    <subfield code="c">Römisch-deutscher Kaiser, II.</subfield>
    <subfield code="d">1194-1250</subfield>
    <subfield code="A">GND</subfield>
    <subfield code="B">GND-118535765</subfield>
    <subfield code="C">400</subfield>
  </datafield>
  <datafield tag="GPN" ind1="0" ind2=" ">
    <subfield code="a">Federico</subfield>
    <subfield code="c">di Svevia</subfield>
    <subfield code="d">1194-1250</subfield>
    <subfield code="A">GND</subfield>
    <subfield code="B">GND-118535765</subfield>
    <subfield code="C">400</subfield>
  </datafield>
  <datafield tag="GPN" ind1="0" ind2=" ">
    <subfield code="a">Frédéric</subfield>
    <subfield code="c">Roger</subfield>
    <subfield code="d">1194-1250</subfield>
    <subfield code="A">GND</subfield>
    <subfield code="B">GND-118535765</subfield>
    <subfield code="C">400</subfield>
  </datafield>
  <datafield tag="GPN" ind1="0" ind2=" ">
    <subfield code="a">Friedrich</subfield>
    <subfield code="c">von Hohenstaufen</subfield>
    <subfield code="d">1194-1250</subfield>
    <subfield code="A">GND</subfield>
    <subfield code="B">GND-118535765</subfield>
    <subfield code="C">400</subfield>
  </datafield>
  <datafield tag="GPN" ind1="0" ind2=" ">
    <subfield code="a">Stupor mundi</subfield>
    <subfield code="d">1194-1250</subfield>
    <subfield code="A">GND</subfield>
    <subfield code="B">GND-118535765</subfield>
    <subfield code="C">400</subfield>
  </datafield>
  <datafield tag="GPN" ind1="0" ind2=" ">
    <subfield code="a">Federico</subfield>
    <subfield code="b">II</subfield>
    <subfield code="c">Emperor of the Roman-German Empire</subfield>
    <subfield code="d">1194-1250</subfield>
    <subfield code="A">GND</subfield>
    <subfield code="B">GND-118535765</subfield>
    <subfield code="C">400</subfield>
  </datafield>
  <datafield tag="GPN" ind1="0" ind2=" ">
    <subfield code="a">Federico di Svevia</subfield>
    <subfield code="c">Kaiser des Römisch-deutschen Reiches</subfield>
    <subfield code="d">1194-1250</subfield>
    <subfield code="A">GND</subfield>
    <subfield code="B">GND-118535765</subfield>
    <subfield code="C">400</subfield>
  </datafield>
  <datafield tag="GPN" ind1="0" ind2=" ">
    <subfield code="a">Federico di Svevia</subfield>
    <subfield code="c">Empereur de l'Empire Romain-Germanique</subfield>
    <subfield code="d">1194-1250</subfield>
    <subfield code="A">GND</subfield>
    <subfield code="B">GND-118535765</subfield>
    <subfield code="C">400</subfield>
  </datafield>
  <datafield tag="GPN" ind1="0" ind2=" ">
    <subfield code="a">Federico di Svevia</subfield>
    <subfield code="c">Emperor of the Roman-German Empire</subfield>
    <subfield code="d">1194-1250</subfield>
    <subfield code="A">GND</subfield>
    <subfield code="B">GND-118535765</subfield>
    <subfield code="C">400</subfield>
  </datafield>
  <datafield tag="GPN" ind1="0" ind2=" ">
    <subfield code="a">Federico</subfield>
    <subfield code="b">II</subfield>
    <subfield code="c">Imperatore, Germania</subfield>
    <subfield code="d">1194-1250</subfield>
    <subfield code="A">GND</subfield>
    <subfield code="B">GND-118535765</subfield>
    <subfield code="C">400</subfield>
  </datafield>
  <datafield tag="GPN" ind1="0" ind2=" ">
    <subfield code="a">Federico</subfield>
    <subfield code="c">Re, Sicilia</subfield>
    <subfield code="d">1194-1250</subfield>
    <subfield code="A">GND</subfield>
    <subfield code="B">GND-118535765</subfield>
    <subfield code="C">400</subfield>
  </datafield>
  <datafield tag="GPN" ind1="0" ind2=" ">
    <subfield code="9">L:eng</subfield>
    <subfield code="a">Friedrich</subfield>
    <subfield code="b">II</subfield>
    <subfield code="c">Emperor of the Roman-German Empire</subfield>
    <subfield code="d">1194-1250</subfield>
    <subfield code="5">CH-GND</subfield>
    <subfield code="A">GND</subfield>
    <subfield code="B">GND-118535765</subfield>
    <subfield code="C">400</subfield>
  </datafield>
  <datafield tag="GPN" ind1="0" ind2=" ">
    <subfield code="a">Frédéric</subfield>
    <subfield code="c">Roi, Sicile</subfield>
    <subfield code="d">1194-1250</subfield>
    <subfield code="A">GND</subfield>
    <subfield code="B">GND-118535765</subfield>
    <subfield code="C">400</subfield>
  </datafield>
  <datafield tag="GPN" ind1="0" ind2=" ">
    <subfield code="a">Frederick</subfield>
    <subfield code="b">II.</subfield>
    <subfield code="c">Emperor, Germany</subfield>
    <subfield code="d">1194-1250</subfield>
    <subfield code="A">GND</subfield>
    <subfield code="B">GND-118535765</subfield>
    <subfield code="C">400</subfield>
  </datafield>
  <datafield tag="GPN" ind1="0" ind2=" ">
    <subfield code="a">Fridericus</subfield>
    <subfield code="b">II.</subfield>
    <subfield code="c">Imperator, Germania</subfield>
    <subfield code="d">1194-1250</subfield>
    <subfield code="A">GND</subfield>
    <subfield code="B">GND-118535765</subfield>
    <subfield code="C">400</subfield>
  </datafield>
  <datafield tag="GPN" ind1="0" ind2=" ">
    <subfield code="a">Fridericus</subfield>
    <subfield code="c">Rex, Sicilia</subfield>
    <subfield code="d">1194-1250</subfield>
    <subfield code="A">GND</subfield>
    <subfield code="B">GND-118535765</subfield>
    <subfield code="C">400</subfield>
  </datafield>
  <datafield tag="GPN" ind1="0" ind2=" ">
    <subfield code="a">Friedrich</subfield>
    <subfield code="c">König, Sizilien</subfield>
    <subfield code="d">1194-1250</subfield>
    <subfield code="A">GND</subfield>
    <subfield code="B">GND-118535765</subfield>
    <subfield code="C">400</subfield>
  </datafield>
  <datafield tag="GPN" ind1="0" ind2=" ">
    <subfield code="a">Frédéric</subfield>
    <subfield code="b">II.</subfield>
    <subfield code="c">Empereur, Allemagne</subfield>
    <subfield code="d">1194-1250</subfield>
    <subfield code="A">GND</subfield>
    <subfield code="B">GND-118535765</subfield>
    <subfield code="C">400</subfield>
  </datafield>
  <datafield tag="GPN" ind1="0" ind2=" ">
    <subfield code="a">Federico</subfield>
    <subfield code="c">Rex, Sicilia</subfield>
    <subfield code="d">1194-1250</subfield>
    <subfield code="A">GND</subfield>
    <subfield code="B">GND-118535765</subfield>
    <subfield code="C">400</subfield>
  </datafield>
  <datafield tag="GPN" ind1="0" ind2=" ">
    <subfield code="a">Friedrich</subfield>
    <subfield code="b">II.</subfield>
    <subfield code="c">Kaiser, Deutschland</subfield>
    <subfield code="d">1194-1250</subfield>
    <subfield code="A">GND</subfield>
    <subfield code="B">GND-118535765</subfield>
    <subfield code="C">400</subfield>
  </datafield>
  <datafield tag="GPN" ind1="0" ind2=" ">
    <subfield code="a">Fredericus</subfield>
    <subfield code="b">II.</subfield>
    <subfield code="c">Imperator, Germania</subfield>
    <subfield code="d">1194-1250</subfield>
    <subfield code="A">GND</subfield>
    <subfield code="B">GND-118535765</subfield>
    <subfield code="C">400</subfield>
  </datafield>
  <datafield tag="GPN" ind1="0" ind2=" ">
    <subfield code="a">Federicus</subfield>
    <subfield code="b">II.</subfield>
    <subfield code="c">Imperator, Germania</subfield>
    <subfield code="d">1194-1250</subfield>
    <subfield code="A">GND</subfield>
    <subfield code="B">GND-118535765</subfield>
    <subfield code="C">400</subfield>
  </datafield>
  <datafield tag="GPN" ind1="0" ind2=" ">
    <subfield code="a">Federico</subfield>
    <subfield code="b">II.</subfield>
    <subfield code="c">Empereur de l'Empire Romain-Germanique</subfield>
    <subfield code="d">1194-1250</subfield>
    <subfield code="A">GND</subfield>
    <subfield code="B">GND-118535765</subfield>
    <subfield code="C">400</subfield>
  </datafield>
  <datafield tag="GPN" ind1="0" ind2=" ">
    <subfield code="a">Friedrich</subfield>
    <subfield code="b">II.</subfield>
    <subfield code="c">Römisch-Deutsches Reich, Kaiser</subfield>
    <subfield code="d">1194-1250</subfield>
    <subfield code="A">GND</subfield>
    <subfield code="B">GND-118535765</subfield>
    <subfield code="C">400</subfield>
  </datafield>
  <datafield tag="GPN" ind1="0" ind2=" ">
    <subfield code="a">Friedrich</subfield>
    <subfield code="b">2.</subfield>
    <subfield code="c">Deutsches Reich, Kaiser</subfield>
    <subfield code="d">1194-1250</subfield>
    <subfield code="A">GND</subfield>
    <subfield code="B">GND-118535765</subfield>
    <subfield code="C">400</subfield>
  </datafield>
  <datafield tag="GPN" ind1="0" ind2=" ">
    <subfield code="9">L:fre</subfield>
    <subfield code="a">Friedrich</subfield>
    <subfield code="b">II.</subfield>
    <subfield code="c">Empereur de l'Empire Romain-Germanique</subfield>
    <subfield code="d">1194-1250</subfield>
    <subfield code="5">CH-GND</subfield>
    <subfield code="A">GND</subfield>
    <subfield code="B">GND-118535765</subfield>
    <subfield code="C">400</subfield>
  </datafield>
  <datafield tag="GPN" ind1="0" ind2=" ">
    <subfield code="a">Federico</subfield>
    <subfield code="b">II.</subfield>
    <subfield code="c">Kaiser des Römisch-deutschen Reiches</subfield>
    <subfield code="d">1194-1250</subfield>
    <subfield code="A">GND</subfield>
    <subfield code="B">GND-118535765</subfield>
    <subfield code="C">400</subfield>
  </datafield>
  <datafield tag="GPN" ind1="0" ind2=" ">
    <subfield code="a">Friedrich</subfield>
    <subfield code="c">König von Sizilien</subfield>
    <subfield code="d">1194-1250</subfield>
    <subfield code="A">GND</subfield>
    <subfield code="B">GND-118535765</subfield>
    <subfield code="C">400</subfield>
  </datafield>
  <datafield tag="GPN" ind1="0" ind2=" ">
    <subfield code="a">Friedrich</subfield>
    <subfield code="b">II.</subfield>
    <subfield code="c">Kaiser des Römisch-deutschen Reiches</subfield>
    <subfield code="d">1194-1250</subfield>
    <subfield code="A">GND</subfield>
    <subfield code="B">GND-118535765</subfield>
    <subfield code="C">400</subfield>
  </datafield>
  <datafield tag="GPN" ind1="0" ind2=" ">
    <subfield code="a">Friedrich</subfield>
    <subfield code="b">2.</subfield>
    <subfield code="c">Römisch-Deutsches Reich, Kaiser</subfield>
    <subfield code="d">1194-1250</subfield>
    <subfield code="A">GND</subfield>
    <subfield code="B">GND-118535765</subfield>
    <subfield code="C">400</subfield>
  </datafield>
  <datafield tag="GPN" ind1="0" ind2=" ">
    <subfield code="a">Frederick</subfield>
    <subfield code="b">II.</subfield>
    <subfield code="c">of Hohenstaufen</subfield>
    <subfield code="d">1194-1250</subfield>
    <subfield code="A">GND</subfield>
    <subfield code="B">GND-118535765</subfield>
    <subfield code="C">400</subfield>
  </datafield>
  <datafield tag="GSI" ind1="7" ind2=" ">
    <subfield code="a">118535765</subfield>
    <subfield code="0">http://d-nb.info/gnd/118535765</subfield>
    <subfield code="2">gnd</subfield>
    <subfield code="A">GND</subfield>
    <subfield code="B">GND-118535765</subfield>
    <subfield code="C">024</subfield>
  </datafield>
  <datafield tag="GPN" ind1="0" ind2=" ">
    <subfield code="a">Albertus</subfield>
    <subfield code="c">Magnus, Regensburg, Bischof, Heiliger</subfield>
    <subfield code="d">1193-1280</subfield>
    <subfield code="A">GND</subfield>
    <subfield code="B">GND-118637649</subfield>
    <subfield code="C">400</subfield>
  </datafield>
  <datafield tag="GPN" ind1="0" ind2=" ">
    <subfield code="a">Albertus</subfield>
    <subfield code="c">Regensburg, Bischof, Heiliger</subfield>
    <subfield code="d">1193-1280</subfield>
    <subfield code="A">GND</subfield>
    <subfield code="B">GND-118637649</subfield>
    <subfield code="C">400</subfield>
  </datafield>
  <datafield tag="GPN" ind1="0" ind2=" ">
    <subfield code="a">Albertus</subfield>
    <subfield code="c">Magnus</subfield>
    <subfield code="d">1193-1280</subfield>
    <subfield code="A">GND</subfield>
    <subfield code="B">GND-118637649</subfield>
    <subfield code="C">400</subfield>
  </datafield>
  <datafield tag="GPN" ind1="0" ind2=" ">
    <subfield code="a">Albert</subfield>
    <subfield code="c">der Große</subfield>
    <subfield code="d">1193-1280</subfield>
    <subfield code="A">GND</subfield>
    <subfield code="B">GND-118637649</subfield>
    <subfield code="C">400</subfield>
  </datafield>
  <datafield tag="GPN" ind1="0" ind2=" ">
    <subfield code="a">Albert</subfield>
    <subfield code="c">der Große, Heiliger</subfield>
    <subfield code="d">1193-1280</subfield>
    <subfield code="A">GND</subfield>
    <subfield code="B">GND-118637649</subfield>
    <subfield code="C">400</subfield>
  </datafield>
  <datafield tag="GPN" ind1="0" ind2=" ">
    <subfield code="a">Albert</subfield>
    <subfield code="c">der Grosse, Heiliger</subfield>
    <subfield code="d">1193-1280</subfield>
    <subfield code="A">GND</subfield>
    <subfield code="B">GND-118637649</subfield>
    <subfield code="C">400</subfield>
  </datafield>
  <datafield tag="GPN" ind1="0" ind2=" ">
    <subfield code="a">Albert</subfield>
    <subfield code="c">Heiliger</subfield>
    <subfield code="d">1193-1280</subfield>
    <subfield code="A">GND</subfield>
    <subfield code="B">GND-118637649</subfield>
    <subfield code="C">400</subfield>
  </datafield>
  <datafield tag="GPN" ind1="0" ind2=" ">
    <subfield code="a">Albertus Magnus</subfield>
    <subfield code="d">1193-1280</subfield>
    <subfield code="9">v:(VD-16)</subfield>
    <subfield code="A">GND</subfield>
    <subfield code="B">GND-118637649</subfield>
    <subfield code="C">400</subfield>
  </datafield>
  <datafield tag="GPN" ind1="1" ind2=" ">
    <subfield code="a">Magnus, Albertus</subfield>
    <subfield code="d">1193-1280</subfield>
    <subfield code="A">GND</subfield>
    <subfield code="B">GND-118637649</subfield>
    <subfield code="C">400</subfield>
  </datafield>
  <datafield tag="GPN" ind1="1" ind2=" ">
    <subfield code="a">Magnus, Albertus</subfield>
    <subfield code="c">Heiliger</subfield>
    <subfield code="d">1193-1280</subfield>
    <subfield code="A">GND</subfield>
    <subfield code="B">GND-118637649</subfield>
    <subfield code="C">400</subfield>
  </datafield>
  <datafield tag="GPN" ind1="0" ind2=" ">
    <subfield code="a">Alberto</subfield>
    <subfield code="c">Magno</subfield>
    <subfield code="d">1193-1280</subfield>
    <subfield code="A">GND</subfield>
    <subfield code="B">GND-118637649</subfield>
    <subfield code="C">400</subfield>
  </datafield>
  <datafield tag="GPN" ind1="0" ind2=" ">
    <subfield code="a">Albert</subfield>
    <subfield code="c">le Grand</subfield>
    <subfield code="d">1193-1280</subfield>
    <subfield code="A">GND</subfield>
    <subfield code="B">GND-118637649</subfield>
    <subfield code="C">400</subfield>
  </datafield>
  <datafield tag="GPN" ind1="0" ind2=" ">
    <subfield code="a">Albert</subfield>
    <subfield code="c">the Great</subfield>
    <subfield code="d">1193-1280</subfield>
    <subfield code="A">GND</subfield>
    <subfield code="B">GND-118637649</subfield>
    <subfield code="C">400</subfield>
  </datafield>
  <datafield tag="GPN" ind1="0" ind2=" ">
    <subfield code="a">Alberto</subfield>
    <subfield code="c">San</subfield>
    <subfield code="d">1193-1280</subfield>
    <subfield code="A">GND</subfield>
    <subfield code="B">GND-118637649</subfield>
    <subfield code="C">400</subfield>
  </datafield>
  <datafield tag="GPN" ind1="0" ind2=" ">
    <subfield code="a">Albertus</subfield>
    <subfield code="c">Grotus</subfield>
    <subfield code="d">1193-1280</subfield>
    <subfield code="A">GND</subfield>
    <subfield code="B">GND-118637649</subfield>
    <subfield code="C">400</subfield>
  </datafield>
  <datafield tag="GPN" ind1="0" ind2=" ">
    <subfield code="a">Albert</subfield>
    <subfield code="c">Velikii</subfield>
    <subfield code="d">1193-1280</subfield>
    <subfield code="A">GND</subfield>
    <subfield code="B">GND-118637649</subfield>
    <subfield code="C">400</subfield>
  </datafield>
  <datafield tag="GPN" ind1="0" ind2=" ">
    <subfield code="a">Velikii Albert</subfield>
    <subfield code="d">1193-1280</subfield>
    <subfield code="A">GND</subfield>
    <subfield code="B">GND-118637649</subfield>
    <subfield code="C">400</subfield>
  </datafield>
  <datafield tag="GPN" ind1="0" ind2=" ">
    <subfield code="a">Albert</subfield>
    <subfield code="c">von Bollstädt</subfield>
    <subfield code="d">1193-1280</subfield>
    <subfield code="A">GND</subfield>
    <subfield code="B">GND-118637649</subfield>
    <subfield code="C">400</subfield>
  </datafield>
  <datafield tag="GPN" ind1="0" ind2=" ">
    <subfield code="a">Albertus</subfield>
    <subfield code="c">de Bollstadt</subfield>
    <subfield code="d">1193-1280</subfield>
    <subfield code="A">GND</subfield>
    <subfield code="B">GND-118637649</subfield>
    <subfield code="C">400</subfield>
  </datafield>
  <datafield tag="GPN" ind1="0" ind2=" ">
    <subfield code="a">Albertus</subfield>
    <subfield code="c">de Bollstad</subfield>
    <subfield code="d">1193-1280</subfield>
    <subfield code="A">GND</subfield>
    <subfield code="B">GND-118637649</subfield>
    <subfield code="C">400</subfield>
  </datafield>
  <datafield tag="GPN" ind1="0" ind2=" ">
    <subfield code="a">Albertus</subfield>
    <subfield code="c">Bolstadius</subfield>
    <subfield code="d">1193-1280</subfield>
    <subfield code="A">GND</subfield>
    <subfield code="B">GND-118637649</subfield>
    <subfield code="C">400</subfield>
  </datafield>
  <datafield tag="GPN" ind1="1" ind2=" ">
    <subfield code="a">Bolstadius, Albertus</subfield>
    <subfield code="d">1193-1280</subfield>
    <subfield code="A">GND</subfield>
    <subfield code="B">GND-118637649</subfield>
    <subfield code="C">400</subfield>
  </datafield>
  <datafield tag="GPN" ind1="1" ind2=" ">
    <subfield code="a">Bollstädt, Albert Graf &lt;&lt;von&gt;&gt;</subfield>
    <subfield code="d">1193-1280</subfield>
    <subfield code="A">GND</subfield>
    <subfield code="B">GND-118637649</subfield>
    <subfield code="C">400</subfield>
  </datafield>
  <datafield tag="GPN" ind1="1" ind2=" ">
    <subfield code="a">Bollstaedt, Albert Graf &lt;&lt;von&gt;&gt;</subfield>
    <subfield code="d">1193-1280</subfield>
    <subfield code="A">GND</subfield>
    <subfield code="B">GND-118637649</subfield>
    <subfield code="C">400</subfield>
  </datafield>
  <datafield tag="GPN" ind1="0" ind2=" ">
    <subfield code="a">Albertus</subfield>
    <subfield code="c">Teutonicus</subfield>
    <subfield code="d">1193-1280</subfield>
    <subfield code="A">GND</subfield>
    <subfield code="B">GND-118637649</subfield>
    <subfield code="C">400</subfield>
  </datafield>
  <datafield tag="GPN" ind1="0" ind2=" ">
    <subfield code="a">Albertus</subfield>
    <subfield code="c">Alemannus</subfield>
    <subfield code="d">1193-1280</subfield>
    <subfield code="A">GND</subfield>
    <subfield code="B">GND-118637649</subfield>
    <subfield code="C">400</subfield>
  </datafield>
  <datafield tag="GPN" ind1="0" ind2=" ">
    <subfield code="a">Albertus</subfield>
    <subfield code="c">the German</subfield>
    <subfield code="d">1193-1280</subfield>
    <subfield code="A">GND</subfield>
    <subfield code="B">GND-118637649</subfield>
    <subfield code="C">400</subfield>
  </datafield>
  <datafield tag="GPN" ind1="0" ind2=" ">
    <subfield code="a">Albertus</subfield>
    <subfield code="c">Colonus</subfield>
    <subfield code="d">1193-1280</subfield>
    <subfield code="A">GND</subfield>
    <subfield code="B">GND-118637649</subfield>
    <subfield code="C">400</subfield>
  </datafield>
  <datafield tag="GPN" ind1="0" ind2=" ">
    <subfield code="a">Albertus</subfield>
    <subfield code="c">de Colonia</subfield>
    <subfield code="d">1193-1280</subfield>
    <subfield code="A">GND</subfield>
    <subfield code="B">GND-118637649</subfield>
    <subfield code="C">400</subfield>
  </datafield>
  <datafield tag="GPN" ind1="0" ind2=" ">
    <subfield code="a">Albertus</subfield>
    <subfield code="c">de Lauging</subfield>
    <subfield code="d">1193-1280</subfield>
    <subfield code="A">GND</subfield>
    <subfield code="B">GND-118637649</subfield>
    <subfield code="C">400</subfield>
  </datafield>
  <datafield tag="GPN" ind1="0" ind2=" ">
    <subfield code="a">Albertus</subfield>
    <subfield code="c">Lauingensis</subfield>
    <subfield code="d">1193-1280</subfield>
    <subfield code="A">GND</subfield>
    <subfield code="B">GND-118637649</subfield>
    <subfield code="C">400</subfield>
  </datafield>
  <datafield tag="GPN" ind1="0" ind2=" ">
    <subfield code="a">Petrus</subfield>
    <subfield code="c">Teutonicus</subfield>
    <subfield code="d">1193-1280</subfield>
    <subfield code="A">GND</subfield>
    <subfield code="B">GND-118637649</subfield>
    <subfield code="C">400</subfield>
  </datafield>
  <datafield tag="GPN" ind1="0" ind2=" ">
    <subfield code="a">Petrus</subfield>
    <subfield code="c">Theoctonicus</subfield>
    <subfield code="d">1193-1280</subfield>
    <subfield code="A">GND</subfield>
    <subfield code="B">GND-118637649</subfield>
    <subfield code="C">400</subfield>
  </datafield>
  <datafield tag="GPN" ind1="0" ind2=" ">
    <subfield code="a">Albertus</subfield>
    <subfield code="c">Parvus Lucius</subfield>
    <subfield code="d">1193-1280</subfield>
    <subfield code="A">GND</subfield>
    <subfield code="B">GND-118637649</subfield>
    <subfield code="C">400</subfield>
  </datafield>
  <datafield tag="GPN" ind1="0" ind2=" ">
    <subfield code="a">Albertus</subfield>
    <subfield code="c">Magnus, Saint</subfield>
    <subfield code="d">1193-1280</subfield>
    <subfield code="A">GND</subfield>
    <subfield code="B">GND-118637649</subfield>
    <subfield code="C">400</subfield>
  </datafield>
  <datafield tag="GPN" ind1="0" ind2=" ">
    <subfield code="a">Alberto</subfield>
    <subfield code="c">di Lauingen</subfield>
    <subfield code="d">1193-1280</subfield>
    <subfield code="A">GND</subfield>
    <subfield code="B">GND-118637649</subfield>
    <subfield code="C">400</subfield>
  </datafield>
  <datafield tag="GPN" ind1="0" ind2=" ">
    <subfield code="a">Alberto</subfield>
    <subfield code="c">di Bollstädt</subfield>
    <subfield code="d">1193-1280</subfield>
    <subfield code="A">GND</subfield>
    <subfield code="B">GND-118637649</subfield>
    <subfield code="C">400</subfield>
  </datafield>
  <datafield tag="GPN" ind1="0" ind2=" ">
    <subfield code="a">Albertus</subfield>
    <subfield code="c">Magnus, Heiliger</subfield>
    <subfield code="d">1193-1280</subfield>
    <subfield code="A">GND</subfield>
    <subfield code="B">GND-118637649</subfield>
    <subfield code="C">400</subfield>
  </datafield>
  <datafield tag="GPN" ind1="0" ind2=" ">
    <subfield code="a">Albertus</subfield>
    <subfield code="c">Heiliger</subfield>
    <subfield code="d">1193-1280</subfield>
    <subfield code="A">GND</subfield>
    <subfield code="B">GND-118637649</subfield>
    <subfield code="C">400</subfield>
  </datafield>
  <datafield tag="GPN" ind1="0" ind2=" ">
    <subfield code="a">Albert</subfield>
    <subfield code="b">II.</subfield>
    <subfield code="c">Regensburg, Bischof, Heiliger</subfield>
    <subfield code="d">1193-1280</subfield>
    <subfield code="A">GND</subfield>
    <subfield code="B">GND-118637649</subfield>
    <subfield code="C">400</subfield>
  </datafield>
  <datafield tag="GPN" ind1="0" ind2=" ">
    <subfield code="a">Pseudo-Albertus</subfield>
    <subfield code="c">Magnus, Heiliger</subfield>
    <subfield code="d">1193-1280</subfield>
    <subfield code="A">GND</subfield>
    <subfield code="B">GND-118637649</subfield>
    <subfield code="C">400</subfield>
  </datafield>
  <datafield tag="GPN" ind1="0" ind2=" ">
    <subfield code="a">Ps.-Albertus</subfield>
    <subfield code="c">Magnus, Heiliger</subfield>
    <subfield code="d">1193-1280</subfield>
    <subfield code="A">GND</subfield>
    <subfield code="B">GND-118637649</subfield>
    <subfield code="C">400</subfield>
  </datafield>
  <datafield tag="GPN" ind1="0" ind2=" ">
    <subfield code="a">Pseudo-Albertus</subfield>
    <subfield code="c">Magnus</subfield>
    <subfield code="d">1193-1280</subfield>
    <subfield code="A">GND</subfield>
    <subfield code="B">GND-118637649</subfield>
    <subfield code="C">400</subfield>
  </datafield>
  <datafield tag="GPN" ind1="0" ind2=" ">
    <subfield code="a">Ps.-Albertus</subfield>
    <subfield code="c">Magnus</subfield>
    <subfield code="d">1193-1280</subfield>
    <subfield code="A">GND</subfield>
    <subfield code="B">GND-118637649</subfield>
    <subfield code="C">400</subfield>
  </datafield>
  <datafield tag="GPN" ind1="0" ind2=" ">
    <subfield code="a">Pseudo-Albertus Magnus</subfield>
    <subfield code="d">1193-1280</subfield>
    <subfield code="A">GND</subfield>
    <subfield code="B">GND-118637649</subfield>
    <subfield code="C">400</subfield>
  </datafield>
  <datafield tag="GSI" ind1="7" ind2=" ">
    <subfield code="a">118637649</subfield>
    <subfield code="0">http://d-nb.info/gnd/118637649</subfield>
    <subfield code="2">gnd</subfield>
    <subfield code="A">GND</subfield>
    <subfield code="B">GND-118637649</subfield>
    <subfield code="C">024</subfield>
  </datafield>
  <datafield tag="GPN" ind1="0" ind2=" ">
    <subfield code="a">Manfredi</subfield>
    <subfield code="c">Sicilia, Re</subfield>
    <subfield code="d">1232-1266</subfield>
    <subfield code="A">GND</subfield>
    <subfield code="B">GND-118577018</subfield>
    <subfield code="C">400</subfield>
  </datafield>
  <datafield tag="GPN" ind1="0" ind2=" ">
    <subfield code="a">Manfredus</subfield>
    <subfield code="c">Sicilia, Rex</subfield>
    <subfield code="d">1232-1266</subfield>
    <subfield code="A">GND</subfield>
    <subfield code="B">GND-118577018</subfield>
    <subfield code="C">400</subfield>
  </datafield>
  <datafield tag="GPN" ind1="0" ind2=" ">
    <subfield code="a">Manfredo</subfield>
    <subfield code="c">Sicilia, Re</subfield>
    <subfield code="d">1232-1266</subfield>
    <subfield code="A">GND</subfield>
    <subfield code="B">GND-118577018</subfield>
    <subfield code="C">400</subfield>
  </datafield>
  <datafield tag="GPN" ind1="0" ind2=" ">
    <subfield code="a">Manfred</subfield>
    <subfield code="c">Sicilia, Re</subfield>
    <subfield code="d">1232-1266</subfield>
    <subfield code="A">GND</subfield>
    <subfield code="B">GND-118577018</subfield>
    <subfield code="C">400</subfield>
  </datafield>
  <datafield tag="GPN" ind1="0" ind2=" ">
    <subfield code="a">Manfred</subfield>
    <subfield code="c">von Tarent</subfield>
    <subfield code="d">1232-1266</subfield>
    <subfield code="A">GND</subfield>
    <subfield code="B">GND-118577018</subfield>
    <subfield code="C">400</subfield>
  </datafield>
  <datafield tag="GPN" ind1="0" ind2=" ">
    <subfield code="a">Manfred</subfield>
    <subfield code="c">Tarent, Fürst</subfield>
    <subfield code="d">1232-1266</subfield>
    <subfield code="A">GND</subfield>
    <subfield code="B">GND-118577018</subfield>
    <subfield code="C">400</subfield>
  </datafield>
  <datafield tag="GPN" ind1="0" ind2=" ">
    <subfield code="a">Manfred</subfield>
    <subfield code="c">Naples, King</subfield>
    <subfield code="d">1232-1266</subfield>
    <subfield code="A">GND</subfield>
    <subfield code="B">GND-118577018</subfield>
    <subfield code="C">400</subfield>
  </datafield>
  <datafield tag="GPN" ind1="0" ind2=" ">
    <subfield code="a">Manfred</subfield>
    <subfield code="c">Sicily, King</subfield>
    <subfield code="d">1232-1266</subfield>
    <subfield code="A">GND</subfield>
    <subfield code="B">GND-118577018</subfield>
    <subfield code="C">400</subfield>
  </datafield>
  <datafield tag="GPN" ind1="0" ind2=" ">
    <subfield code="a">Manfred</subfield>
    <subfield code="c">von Sizilien</subfield>
    <subfield code="d">1232-1266</subfield>
    <subfield code="A">GND</subfield>
    <subfield code="B">GND-118577018</subfield>
    <subfield code="C">400</subfield>
  </datafield>
  <datafield tag="GPN" ind1="0" ind2=" ">
    <subfield code="a">Manfredi</subfield>
    <subfield code="c">Naples, King</subfield>
    <subfield code="d">1232-1266</subfield>
    <subfield code="A">GND</subfield>
    <subfield code="B">GND-118577018</subfield>
    <subfield code="C">400</subfield>
  </datafield>
  <datafield tag="GPN" ind1="0" ind2=" ">
    <subfield code="a">Manfredi</subfield>
    <subfield code="c">Sicily, King</subfield>
    <subfield code="d">1232-1266</subfield>
    <subfield code="A">GND</subfield>
    <subfield code="B">GND-118577018</subfield>
    <subfield code="C">400</subfield>
  </datafield>
  <datafield tag="GPN" ind1="0" ind2=" ">
    <subfield code="a">Manfred</subfield>
    <subfield code="c">Tarente, Prince</subfield>
    <subfield code="d">1232-1266</subfield>
    <subfield code="A">GND</subfield>
    <subfield code="B">GND-118577018</subfield>
    <subfield code="C">400</subfield>
  </datafield>
  <datafield tag="GPN" ind1="0" ind2=" ">
    <subfield code="a">Manfred</subfield>
    <subfield code="c">Sicile, Roi</subfield>
    <subfield code="d">1232-1266</subfield>
    <subfield code="A">GND</subfield>
    <subfield code="B">GND-118577018</subfield>
    <subfield code="C">400</subfield>
  </datafield>
  <datafield tag="GSI" ind1="7" ind2=" ">
    <subfield code="a">http://d-nb.info/gnd/118577018</subfield>
    <subfield code="2">uri</subfield>
    <subfield code="A">GND</subfield>
    <subfield code="B">GND-118577018</subfield>
    <subfield code="C">024</subfield>
  </datafield>
  <datafield tag="GPN" ind1="0" ind2=" ">
    <subfield code="a">Albertus</subfield>
    <subfield code="c">Magnus, Regensburg, Bischof, Heiliger</subfield>
    <subfield code="d">1193-1280</subfield>
    <subfield code="A">GND</subfield>
    <subfield code="B">GND-118637649</subfield>
    <subfield code="C">400</subfield>
  </datafield>
  <datafield tag="GPN" ind1="0" ind2=" ">
    <subfield code="a">Albertus</subfield>
    <subfield code="c">Regensburg, Bischof, Heiliger</subfield>
    <subfield code="d">1193-1280</subfield>
    <subfield code="A">GND</subfield>
    <subfield code="B">GND-118637649</subfield>
    <subfield code="C">400</subfield>
  </datafield>
  <datafield tag="GPN" ind1="0" ind2=" ">
    <subfield code="a">Albertus</subfield>
    <subfield code="c">Magnus</subfield>
    <subfield code="d">1193-1280</subfield>
    <subfield code="A">GND</subfield>
    <subfield code="B">GND-118637649</subfield>
    <subfield code="C">400</subfield>
  </datafield>
  <datafield tag="GPN" ind1="0" ind2=" ">
    <subfield code="a">Albert</subfield>
    <subfield code="c">der Große</subfield>
    <subfield code="d">1193-1280</subfield>
    <subfield code="A">GND</subfield>
    <subfield code="B">GND-118637649</subfield>
    <subfield code="C">400</subfield>
  </datafield>
  <datafield tag="GPN" ind1="0" ind2=" ">
    <subfield code="a">Albert</subfield>
    <subfield code="c">der Große, Heiliger</subfield>
    <subfield code="d">1193-1280</subfield>
    <subfield code="A">GND</subfield>
    <subfield code="B">GND-118637649</subfield>
    <subfield code="C">400</subfield>
  </datafield>
  <datafield tag="GPN" ind1="0" ind2=" ">
    <subfield code="a">Albert</subfield>
    <subfield code="c">der Grosse, Heiliger</subfield>
    <subfield code="d">1193-1280</subfield>
    <subfield code="A">GND</subfield>
    <subfield code="B">GND-118637649</subfield>
    <subfield code="C">400</subfield>
  </datafield>
  <datafield tag="GPN" ind1="0" ind2=" ">
    <subfield code="a">Albert</subfield>
    <subfield code="c">Heiliger</subfield>
    <subfield code="d">1193-1280</subfield>
    <subfield code="A">GND</subfield>
    <subfield code="B">GND-118637649</subfield>
    <subfield code="C">400</subfield>
  </datafield>
  <datafield tag="GPN" ind1="0" ind2=" ">
    <subfield code="a">Albertus Magnus</subfield>
    <subfield code="d">1193-1280</subfield>
    <subfield code="9">v:(VD-16)</subfield>
    <subfield code="A">GND</subfield>
    <subfield code="B">GND-118637649</subfield>
    <subfield code="C">400</subfield>
  </datafield>
  <datafield tag="GPN" ind1="1" ind2=" ">
    <subfield code="a">Magnus, Albertus</subfield>
    <subfield code="d">1193-1280</subfield>
    <subfield code="A">GND</subfield>
    <subfield code="B">GND-118637649</subfield>
    <subfield code="C">400</subfield>
  </datafield>
  <datafield tag="GPN" ind1="1" ind2=" ">
    <subfield code="a">Magnus, Albertus</subfield>
    <subfield code="c">Heiliger</subfield>
    <subfield code="d">1193-1280</subfield>
    <subfield code="A">GND</subfield>
    <subfield code="B">GND-118637649</subfield>
    <subfield code="C">400</subfield>
  </datafield>
  <datafield tag="GPN" ind1="0" ind2=" ">
    <subfield code="a">Alberto</subfield>
    <subfield code="c">Magno</subfield>
    <subfield code="d">1193-1280</subfield>
    <subfield code="A">GND</subfield>
    <subfield code="B">GND-118637649</subfield>
    <subfield code="C">400</subfield>
  </datafield>
  <datafield tag="GPN" ind1="0" ind2=" ">
    <subfield code="a">Albert</subfield>
    <subfield code="c">le Grand</subfield>
    <subfield code="d">1193-1280</subfield>
    <subfield code="A">GND</subfield>
    <subfield code="B">GND-118637649</subfield>
    <subfield code="C">400</subfield>
  </datafield>
  <datafield tag="GPN" ind1="0" ind2=" ">
    <subfield code="a">Albert</subfield>
    <subfield code="c">the Great</subfield>
    <subfield code="d">1193-1280</subfield>
    <subfield code="A">GND</subfield>
    <subfield code="B">GND-118637649</subfield>
    <subfield code="C">400</subfield>
  </datafield>
  <datafield tag="GPN" ind1="0" ind2=" ">
    <subfield code="a">Alberto</subfield>
    <subfield code="c">San</subfield>
    <subfield code="d">1193-1280</subfield>
    <subfield code="A">GND</subfield>
    <subfield code="B">GND-118637649</subfield>
    <subfield code="C">400</subfield>
  </datafield>
  <datafield tag="GPN" ind1="0" ind2=" ">
    <subfield code="a">Albertus</subfield>
    <subfield code="c">Grotus</subfield>
    <subfield code="d">1193-1280</subfield>
    <subfield code="A">GND</subfield>
    <subfield code="B">GND-118637649</subfield>
    <subfield code="C">400</subfield>
  </datafield>
  <datafield tag="GPN" ind1="0" ind2=" ">
    <subfield code="a">Albert</subfield>
    <subfield code="c">Velikii</subfield>
    <subfield code="d">1193-1280</subfield>
    <subfield code="A">GND</subfield>
    <subfield code="B">GND-118637649</subfield>
    <subfield code="C">400</subfield>
  </datafield>
  <datafield tag="GPN" ind1="0" ind2=" ">
    <subfield code="a">Velikii Albert</subfield>
    <subfield code="d">1193-1280</subfield>
    <subfield code="A">GND</subfield>
    <subfield code="B">GND-118637649</subfield>
    <subfield code="C">400</subfield>
  </datafield>
  <datafield tag="GPN" ind1="0" ind2=" ">
    <subfield code="a">Albert</subfield>
    <subfield code="c">von Bollstädt</subfield>
    <subfield code="d">1193-1280</subfield>
    <subfield code="A">GND</subfield>
    <subfield code="B">GND-118637649</subfield>
    <subfield code="C">400</subfield>
  </datafield>
  <datafield tag="GPN" ind1="0" ind2=" ">
    <subfield code="a">Albertus</subfield>
    <subfield code="c">de Bollstadt</subfield>
    <subfield code="d">1193-1280</subfield>
    <subfield code="A">GND</subfield>
    <subfield code="B">GND-118637649</subfield>
    <subfield code="C">400</subfield>
  </datafield>
  <datafield tag="GPN" ind1="0" ind2=" ">
    <subfield code="a">Albertus</subfield>
    <subfield code="c">de Bollstad</subfield>
    <subfield code="d">1193-1280</subfield>
    <subfield code="A">GND</subfield>
    <subfield code="B">GND-118637649</subfield>
    <subfield code="C">400</subfield>
  </datafield>
  <datafield tag="GPN" ind1="0" ind2=" ">
    <subfield code="a">Albertus</subfield>
    <subfield code="c">Bolstadius</subfield>
    <subfield code="d">1193-1280</subfield>
    <subfield code="A">GND</subfield>
    <subfield code="B">GND-118637649</subfield>
    <subfield code="C">400</subfield>
  </datafield>
  <datafield tag="GPN" ind1="1" ind2=" ">
    <subfield code="a">Bolstadius, Albertus</subfield>
    <subfield code="d">1193-1280</subfield>
    <subfield code="A">GND</subfield>
    <subfield code="B">GND-118637649</subfield>
    <subfield code="C">400</subfield>
  </datafield>
  <datafield tag="GPN" ind1="1" ind2=" ">
    <subfield code="a">Bollstädt, Albert Graf &lt;&lt;von&gt;&gt;</subfield>
    <subfield code="d">1193-1280</subfield>
    <subfield code="A">GND</subfield>
    <subfield code="B">GND-118637649</subfield>
    <subfield code="C">400</subfield>
  </datafield>
  <datafield tag="GPN" ind1="1" ind2=" ">
    <subfield code="a">Bollstaedt, Albert Graf &lt;&lt;von&gt;&gt;</subfield>
    <subfield code="d">1193-1280</subfield>
    <subfield code="A">GND</subfield>
    <subfield code="B">GND-118637649</subfield>
    <subfield code="C">400</subfield>
  </datafield>
  <datafield tag="GPN" ind1="0" ind2=" ">
    <subfield code="a">Albertus</subfield>
    <subfield code="c">Teutonicus</subfield>
    <subfield code="d">1193-1280</subfield>
    <subfield code="A">GND</subfield>
    <subfield code="B">GND-118637649</subfield>
    <subfield code="C">400</subfield>
  </datafield>
  <datafield tag="GPN" ind1="0" ind2=" ">
    <subfield code="a">Albertus</subfield>
    <subfield code="c">Alemannus</subfield>
    <subfield code="d">1193-1280</subfield>
    <subfield code="A">GND</subfield>
    <subfield code="B">GND-118637649</subfield>
    <subfield code="C">400</subfield>
  </datafield>
  <datafield tag="GPN" ind1="0" ind2=" ">
    <subfield code="a">Albertus</subfield>
    <subfield code="c">the German</subfield>
    <subfield code="d">1193-1280</subfield>
    <subfield code="A">GND</subfield>
    <subfield code="B">GND-118637649</subfield>
    <subfield code="C">400</subfield>
  </datafield>
  <datafield tag="GPN" ind1="0" ind2=" ">
    <subfield code="a">Albertus</subfield>
    <subfield code="c">Colonus</subfield>
    <subfield code="d">1193-1280</subfield>
    <subfield code="A">GND</subfield>
    <subfield code="B">GND-118637649</subfield>
    <subfield code="C">400</subfield>
  </datafield>
  <datafield tag="GPN" ind1="0" ind2=" ">
    <subfield code="a">Albertus</subfield>
    <subfield code="c">de Colonia</subfield>
    <subfield code="d">1193-1280</subfield>
    <subfield code="A">GND</subfield>
    <subfield code="B">GND-118637649</subfield>
    <subfield code="C">400</subfield>
  </datafield>
  <datafield tag="GPN" ind1="0" ind2=" ">
    <subfield code="a">Albertus</subfield>
    <subfield code="c">de Lauging</subfield>
    <subfield code="d">1193-1280</subfield>
    <subfield code="A">GND</subfield>
    <subfield code="B">GND-118637649</subfield>
    <subfield code="C">400</subfield>
  </datafield>
  <datafield tag="GPN" ind1="0" ind2=" ">
    <subfield code="a">Albertus</subfield>
    <subfield code="c">Lauingensis</subfield>
    <subfield code="d">1193-1280</subfield>
    <subfield code="A">GND</subfield>
    <subfield code="B">GND-118637649</subfield>
    <subfield code="C">400</subfield>
  </datafield>
  <datafield tag="GPN" ind1="0" ind2=" ">
    <subfield code="a">Petrus</subfield>
    <subfield code="c">Teutonicus</subfield>
    <subfield code="d">1193-1280</subfield>
    <subfield code="A">GND</subfield>
    <subfield code="B">GND-118637649</subfield>
    <subfield code="C">400</subfield>
  </datafield>
  <datafield tag="GPN" ind1="0" ind2=" ">
    <subfield code="a">Petrus</subfield>
    <subfield code="c">Theoctonicus</subfield>
    <subfield code="d">1193-1280</subfield>
    <subfield code="A">GND</subfield>
    <subfield code="B">GND-118637649</subfield>
    <subfield code="C">400</subfield>
  </datafield>
  <datafield tag="GPN" ind1="0" ind2=" ">
    <subfield code="a">Albertus</subfield>
    <subfield code="c">Parvus Lucius</subfield>
    <subfield code="d">1193-1280</subfield>
    <subfield code="A">GND</subfield>
    <subfield code="B">GND-118637649</subfield>
    <subfield code="C">400</subfield>
  </datafield>
  <datafield tag="GPN" ind1="0" ind2=" ">
    <subfield code="a">Albertus</subfield>
    <subfield code="c">Magnus, Saint</subfield>
    <subfield code="d">1193-1280</subfield>
    <subfield code="A">GND</subfield>
    <subfield code="B">GND-118637649</subfield>
    <subfield code="C">400</subfield>
  </datafield>
  <datafield tag="GPN" ind1="0" ind2=" ">
    <subfield code="a">Alberto</subfield>
    <subfield code="c">di Lauingen</subfield>
    <subfield code="d">1193-1280</subfield>
    <subfield code="A">GND</subfield>
    <subfield code="B">GND-118637649</subfield>
    <subfield code="C">400</subfield>
  </datafield>
  <datafield tag="GPN" ind1="0" ind2=" ">
    <subfield code="a">Alberto</subfield>
    <subfield code="c">di Bollstädt</subfield>
    <subfield code="d">1193-1280</subfield>
    <subfield code="A">GND</subfield>
    <subfield code="B">GND-118637649</subfield>
    <subfield code="C">400</subfield>
  </datafield>
  <datafield tag="GPN" ind1="0" ind2=" ">
    <subfield code="a">Albertus</subfield>
    <subfield code="c">Magnus, Heiliger</subfield>
    <subfield code="d">1193-1280</subfield>
    <subfield code="A">GND</subfield>
    <subfield code="B">GND-118637649</subfield>
    <subfield code="C">400</subfield>
  </datafield>
  <datafield tag="GPN" ind1="0" ind2=" ">
    <subfield code="a">Albertus</subfield>
    <subfield code="c">Heiliger</subfield>
    <subfield code="d">1193-1280</subfield>
    <subfield code="A">GND</subfield>
    <subfield code="B">GND-118637649</subfield>
    <subfield code="C">400</subfield>
  </datafield>
  <datafield tag="GPN" ind1="0" ind2=" ">
    <subfield code="a">Albert</subfield>
    <subfield code="b">II.</subfield>
    <subfield code="c">Regensburg, Bischof, Heiliger</subfield>
    <subfield code="d">1193-1280</subfield>
    <subfield code="A">GND</subfield>
    <subfield code="B">GND-118637649</subfield>
    <subfield code="C">400</subfield>
  </datafield>
  <datafield tag="GPN" ind1="0" ind2=" ">
    <subfield code="a">Pseudo-Albertus</subfield>
    <subfield code="c">Magnus, Heiliger</subfield>
    <subfield code="d">1193-1280</subfield>
    <subfield code="A">GND</subfield>
    <subfield code="B">GND-118637649</subfield>
    <subfield code="C">400</subfield>
  </datafield>
  <datafield tag="GPN" ind1="0" ind2=" ">
    <subfield code="a">Ps.-Albertus</subfield>
    <subfield code="c">Magnus, Heiliger</subfield>
    <subfield code="d">1193-1280</subfield>
    <subfield code="A">GND</subfield>
    <subfield code="B">GND-118637649</subfield>
    <subfield code="C">400</subfield>
  </datafield>
  <datafield tag="GPN" ind1="0" ind2=" ">
    <subfield code="a">Pseudo-Albertus</subfield>
    <subfield code="c">Magnus</subfield>
    <subfield code="d">1193-1280</subfield>
    <subfield code="A">GND</subfield>
    <subfield code="B">GND-118637649</subfield>
    <subfield code="C">400</subfield>
  </datafield>
  <datafield tag="GPN" ind1="0" ind2=" ">
    <subfield code="a">Ps.-Albertus</subfield>
    <subfield code="c">Magnus</subfield>
    <subfield code="d">1193-1280</subfield>
    <subfield code="A">GND</subfield>
    <subfield code="B">GND-118637649</subfield>
    <subfield code="C">400</subfield>
  </datafield>
  <datafield tag="GPN" ind1="0" ind2=" ">
    <subfield code="a">Pseudo-Albertus Magnus</subfield>
    <subfield code="d">1193-1280</subfield>
    <subfield code="A">GND</subfield>
    <subfield code="B">GND-118637649</subfield>
    <subfield code="C">400</subfield>
  </datafield>
  <datafield tag="GSI" ind1="7" ind2=" ">
    <subfield code="a">118637649</subfield>
    <subfield code="0">http://d-nb.info/gnd/118637649</subfield>
    <subfield code="2">gnd</subfield>
    <subfield code="A">GND</subfield>
    <subfield code="B">GND-118637649</subfield>
    <subfield code="C">024</subfield>
  </datafield>
</record>
